@phdthesis{ tq,
      author       = {Quast, T.},
      othercontributors = {Erdmann, Martin and Mendes, Andr√© David Tinoco},
      title        = {{Q}ualification, performance validation and fast generative
                      modelling of beam test calorimeter prototypes for the {CMS}
                      calorimeter endcap upgrade},
      school       = {RWTH Aachen University},
      type         = {Dissertation},
      address      = {Aachen},
      year         = {2020},
      doi          = {10.18154/RWTH-2020-06473},
      url          = {https://publications.rwth-aachen.de/record/792901},
}

@misc{batch,
      title={{Batch Normalization: Accelerating Deep Network Training by Reducing Internal Covariate Shift}}, 
      author={Ioffe, S. and Szegedy, C.},
      year={2015},
      eprint={1502.03167},
      archivePrefix={arXiv},
      primaryClass={cs.LG},
      url = {https://arxiv.org/abs/1502.03167}
}


@phdthesis{
  mr,
  title={{Search for Higgs Boson production in association with Top Quarks and decaying into Bottom Quarks using deep learning techniques with the CMS experiment}},
  author={Rieger, M.},
  school={RWTH Aachen University},
  year=2019,
  month=6,
  url = {https://publications.rwth-aachen.de/record/763526}
}

@phdthesis{
  awr,
  title={{The Level-1 Trigger of the CMS experiment at the LHC and Super-LHC}},
  author={Rose, A. W.},
  school={Imperial College London},
  year=2009,
  month=5,
  url={http://www.hep.ph.ic.ac.uk/~awr01/thesis/thesis.v1.1.dbl.pdf}
}

@techreport{
  tdr_hgcal,
  title={{The Phase-2 Upgrade of the CMS endcap calorimeter}},
  author={P. Azzi and D. Barney and T. Bergauer and P. Dauncey and A. David and M. Mannelli and J. Mans and A. Marchioro and A. Martelli and S. Moccia and M. Narain and C. Seez and F. Sefkow and C. de la Taille and T. Virdee},
  group={The CMS Collaboration},
  institution={CERN},
  year={2018},
  month={4},
  url = {https://cds.cern.ch/record/2293646?ln=en}
}

@techreport{
  tdr_trig,
  title="{The TriDAS Project: The Trigger Systems}",
  author={Smith, W. H. and Wrochna, G. and others},
  group={The CMS Collaboration},
  institution={CERN},
  year={2000},
  month={12},
  url={https://cds.cern.ch/record/706847?ln=en}
}

@techreport{phase2,
      author        = "Contardo, D. and Klute, M. and Mans, J. and Silvestris, L. and Butler, J.",
      title         = "{Technical Proposal for the Phase-II Upgrade of the CMS
                       Detector}",
      month         = "06",
      year          = "2015",
      institution   = "{CERN}",
      reportNumber  = "CERN-LHCC-2015-010",
      url           = "https://cds.cern.ch/record/2020886",
}

@techreport{
  tdr_roc,
  title={{HGCROC2/2A Datasheet}},
  author={Thienpont, D.},
  group={Omega Microelectronics},
  institution={CERN},
  year={2019},
  month={2},
  url = {https://readthedocs.web.cern.ch/download/attachments/131957941/HGCROC2_datasheet_v1_draft.pdf?version=1&modificationDate=1580552871000&api=v2}
}


@article{
  acm,
  title={{A Survey Of Architectural Techniques for Managing Process Variation}},
  author={Mittal, S.},
  journal={ACM Computing Surveys 48(4)},
  year={2016},
  month={2},
  url = {https://www.researchgate.net/publication/285926063_A_Survey_Of_Architectural_Techniques_for_Managing_Process_Variation}
}

@article{
  pd,
  title={{Understanding MOSFET Mismatch for Analog Design}},
  author={Drannan, P.},
  journal={{IEEE Journal of Solid-State Circuits}},
  volume={38, No.3},
  year={2003},
  month={3},
  url = {https://ieeexplore.ieee.org/document/1183852}
}

@article{
  calo03,
  title={{Calorimetry for Particle Physics}},
  author={Fabjan, C. W. and Gianotti, F.},
  url = {https://link.aps.org/doi/10.1103/RevModPhys.75.1243},
  journal={{Rev. Mod. Phys.}},
  volume={75},
  issue={4},
  pages={1243--1286},
  numpages={0},
  year={2003},
  month={10},
  publisher={American Physical Society},
  doi = {10.1103/RevModPhys.75.1243},
}

@article{hgcal,
title = "{The CMS High Granularity Calorimeter for High Luminosity LHC}",
journal = "Nuclear Instruments and Methods in Physics Research Section A: Accelerators, Spectrometers, Detectors and Associated Equipment",
volume = "958",
pages = "162151",
year = "2020",
note = "Proceedings of the Vienna Conference on Instrumentation 2019",
issn = "0168-9002",
doi = "https://doi.org/10.1016/j.nima.2019.04.105",
url = "http://www.sciencedirect.com/science/article/pii/S0168900219306023",
author = "Yohay, R."
}

@article{hgcal2,
author = "{CMS Collaboration}",
year = {2018},
month = {10},
pages = {P10023-P10023},
title = "{First beam tests of prototype silicon modules for the CMS High Granularity Endcap Calorimeter}",
volume = {13},
journal = {Journal of Instrumentation},
doi = {10.1088/1748-0221/13/10/P10023}
}

@article{pdg,
title = "Passage of Particles Through Matter",
publisher = "Particle Data Group",
journal = "Phys. Rev. D 98",
volume = "030001",
year = "2018",
note = "Updated 2019",
author = "Tanabashi, M. and others",
url = {http://pdg.lbl.gov/2019/reviews/rpp2018-rev-passage-particles-matter.pdf}
}

@techreport{pp,
author = {Paulitsch, P.},
institution = "{CERN}",
year = {2020},
month = {06},
title = {{The Silicon Sensors for the High Granularity Calorimeter of CMS}},
doi = {arXiv:2002.11449v3},
url = {https://arxiv.org/abs/2002.11449}
}


@manual{
  ina250,
  organization = {{Texas Instruments}},
  title = {{INA250 36-V, Low- or High-Side, Bidirectional, Zero-Drift Current-Shunt Monitor with Precision Integrated Shunt Resistor}},
  number = {{SBOS511B}},
  year = {{2015}},
  month = {{04}},
  note = {{Revised Dec. 2015}},
  url = {https://www.ti.com/product/INA250}

}

@incollection{
  hama,
  publisher = {{Hamamatsu Photonics K.K.}},
  booktitle = {{Opto-Semiconductor Handbook}},
  pages = {244--249},
  year = {{2014}},
  chapter = 10,
  title = {{Si detectors for high energy particles}}
}

@misc{
  schematic:trophy,
  title = {{Trophyboard Schematic}},
  howpublished = {\url{https://edms.cern.ch/file/2232628/1/Trophy_Board_EDMS2232628V1_Schematics.pdf}},
  year = {2019},
  month = {10},
  day = {10},
  note = {Last accessed: 16 November 2020}
}

@misc{
  i2c,
  title = {{I2C Info - I2C Bus, Interface and Protocol}},
  howpublished = {\url{https://i2c.info/i2c-bus-specification}},
  note = {Last accessed: 19 November 2020}
}

@manual{
  axi,
  organization = {{Xilinx}},
  title = {{AXI Reference Guide}},
  number = {{UG761}},
  year = {{2012}},
  month = {{01}},
  note = {{Version 13.4}},
  url = {https://www.xilinx.com/support/documentation/ip_documentation/axi_ref_guide/latest/ug1037-vivado-axi-reference-guide.pdf}
}

@techreport{
  sipm_rep,
  title="{Overall Layout information for the scintillator HGCAL}",
  author={Kolberg, T. and Kruger, K. and Mans, J.},
  group={The CMS Collaboration},
  institution={CERN, DESY, FSU, UMN, FNAL},
  year={2020},
  month={09},
  note={EDMS No. 2328490},
  url = {https://cms.desy.de/sites/sites_desygroups/sites_extern/site_cms/content/e78437/e83421/e85075/e85081/e121141/HGCAL-Varna.pdf}
}

@techreport{
  si_rep,
  title={{HGCAL silicon module DAQ and TRG architecture specification}},
  author={Aspell, P. and Bloch, P. and Hirschauer, J. and Noy, M. and Rubinov, P. M.},
  group={The CMS Collaboration},
  institution={CERN, FNAL, Imperial College},
  year={2020},
  month={04},
  note={Rev. 4},
  url = {https://indico.fnal.gov/event/15258/material/1/0.pdf}
}

@misc{
  zmq,
  title = {{ZeroMQ}},
  howpublished = {\url{https://zeromq.org/}},
  note = {Last accessed: 19 November 2020}
}

@misc{
  al,
  title = {{ProbeDC and CalibDAC values from HGCROC2 test session 1}},
  howpublished = {\url{https://readthedocs.web.cern.ch/display/HGCELE/2020/07/14/ProbeDC+and+CalibDAC+values+from+HGCROC2+test+session+1}},
  author = {Lobanov, A.},
  note = {Last accessed: 20 November 2020}
}

@misc{
  db_hgcal,
  title = {{CMS High-Granularity Calorimeter (HGCAL)}},
  author = {Barney, D.},
  howpublished = {\url{https://indico.cern.ch/event/718124/attachments/1624533/2612800/HighGranularityCalorimeter_CERN_200418_small.pdf}},
  month = {4},
  year = {2018}
}

@article{calo_rev,
      author        = "Straessner, A.",
      title         = "{Overview of the Calorimeter Readout Upgrades}",
      collaboration = "ATLAS Collaboration",
      month         = "Apr",
      year          = "2018",
      reportNumber  = "ATL-LARG-SLIDE-2018-189",
      url           = "https://cds.cern.ch/record/2314636",
}

@techreport{cms_endcap,
title = {{CMS}},
institution = "{CERN}",
author = "Benussi, L. and Bianco S. and others",
year = "2012",
url = {https://www.lnf.infn.it/rapatt/2015/CMS.pdf}
}

@techreport{sensor,
title = {{Silicon sensors for the CMS HGCAL upgrade: Challenges, sensor design \& electrical characterization}},
author = "Brodolin, E.",
institution = "{CERN}",
month = "11",
year = "2019",
url = {https://arxiv.org/abs/2003.02461}
}

@misc{
  shower,
  title = "{L'astromonie gamma ou l'\'etude des ph\'enom\`enes violents de l'Univers}",
  author = "{Bruel, Philippe}",
  institution = "{LLR}",
  howpublished = {\url{https://indico.in2p3.fr/event/20737/contributions/79896/attachments/57489/76843/bruel_LLR_visiteLaszlo_20200220.pdf}},
  note = {Last accessed: 08 December 2020}
}

@misc{
  wiki_sm,
  title = {{Standard Model}},
  howpublished = {\url{https://en.wikipedia.org/wiki/Standard_Model}},
  note = {Last accessed: 09 December 2020}
}

@misc{
  wiki_mnist,
  title = {{MNIST Database}},
  howpublished = {\url{https://en.wikipedia.org/wiki/MNIST_database}},
  note = {Last accessed: 05 January 2021}
}

@misc{
  lhc_ff,
  title = {{LHC Season 2: Facts \& Figures}},
  howpublished = {\url{https://home.cern/sites/home.web.cern.ch/files/2018-07/factsandfigures-en_0.pdf}},
  note = {Last accessed: 09 December 2020}
}

@misc{
  about_cms,
  title = {{About CMS}},
  author = {{CMS Collaboration}},
  howpublished = {\url{https://cms.cern/detector}},
  note = {Last accessed: 09 December 2020}
}

@misc{
  hl_lhc_schedule,
  title = {{HGCAL project Schedule}},
  howpublished = {\url{https://project-hl-lhc-industry.web.cern.ch/content/project-schedule}},
  note = {Last accessed: 11 December 2020}
}

@article{cms_overview,
      author        = "Duperrin, A.",
      title         = "{High Luminosity yellow report: what does HL-LHC physics look like in ATLAS and CMS?}",
      collaboration = "ATLAS Collaboration",
      month         = "Sep",
      year          = "2019",
      reportNumber  = "ATL-PHYS-SLIDE-2019-668",
      url           = "http://cds.cern.ch/record/2689937",
}

@book{hl_lhc_tdr,
      author        = "Apollinari, G. and B√©jar, A. I. and Br√ºning, O. and Fessia, P. and Lamont, M. and Rossi, L. and Tavian, L.",
      title         = "{High-Luminosity Large Hadron Collider (HL-LHC): Technical
                       Design Report V. 0.1}",
      publisher     = "CERN",
      address       = "Geneva",
      series        = "CERN Yellow Reports: Monographs",
      year          = "2017",
      url           = "https://cds.cern.ch/record/2284929",
      doi           = "10.23731/CYRM-2017-004",
}


@misc{
  about_cern,
  title = {{About CERN}},
  author = {{CERN}},
  howpublished = {\url{https://home.cern/about}},
  note = {Last accessed: 11 December 2020}
}

@misc{
  trig_algos,
  title = {{Updates on FE data reduction studies}},
  author = {Sauvan, J.-B.},
  year = {{2020}},
  month = {{01}},
  url = {https://indico.cern.ch/event/879499/contributions/3714002/attachments/1978368/3293454/20.01.30_FE.studies.summary.pdf}
}

@misc{
  img,
  title = {{}},
  howpublished = {\url{}},
  note = {Last accessed: 04 November 2020}
}

@misc{
  solenoid,
  title = {{Magnets \& Detectors | Taking a closer look at LHC}},
  howpublished = {\url{https://www.lhc-closer.es/taking_a_closer_look_at_lhc/0.magnets___detectors_i}},
  note = {Last accessed: 19 January 2021}
}

@misc{
  pca,
  title = {{Understanding Variational Autoencoders (VAEs}},
  howpublished = {\url{https://towardsdatascience.com/understanding-variational-autoencoders-vaes-f70510919f73}},
  note = {Last accessed: 13 January 2021}
}

@misc{
  jordan_ae,
  title = {{Introduction to autoencoders.}},
  howpublished = {\url{https://www.jeremyjordan.me/autoencoders/}},
  author = {Jordan, J.},
  note = {Last accessed: 08 January 2021}
}

@misc{
  colah_nn,
  title = {{Neural Networks, Manifolds, and Topology}},
  howpublished = {\url{http://colah.github.io/posts/2014-03-NN-Manifolds-Topology/}},
  author = {Olah, C.},
  note = {Last accessed: 08 January 2021}
}

@misc{
  lecun_mnist,
  title = {{The MNIST Database of handwritten digits}},
  howpublished = {\url{http://yann.lecun.com/exdb/mnist/}},
  author = {Lecun, Y.},
  note = {Last accessed: 08 January 2021}
}

@misc{
  cern_wiki,
  title = {{CMS Luminosity - Public Results}},
  howpublished = {\url{https://twiki.cern.ch/twiki/bin/view/CMSPublic/LumiPublicResults#2018_proton_proton_collisions}},
  note = {Last accessed: 05 January 2021}
}

@misc{
  convBlock,
  title = {{Convolution operation (convolve)}},
  note = {Last accessed: 05 January 2021},
  url ={https://peltarion.com/knowledge-center/documentation/glossary}
}

@article{Collaboration_2008,
	doi = {10.1088/1748-0221/3/08/s08004},
	url = {https://doi.org/10.1088%2F1748-0221%2F3%2F08%2Fs08004},
	year = 2008,
	month = {aug},
	publisher = {{IOP} Publishing},
	volume = {3},
	number = {08},
	pages = {S08004--S08004},
	author = {CMS Collaboration},
	title = {The {CMS} experiment at the {CERN} {LHC}},
	journal = {Journal of Instrumentation}
}

@book{Bayatian:922757,
      title         = "{CMS Physics: Technical Design Report Volume 1: Detector Performance and Software}",
      author 	    = "CMS Collaboration",
      publisher     = "CERN",
      collaboration = "CMS Collaboration",
      address       = "Geneva",
      series        = "Technical Design Report CMS",
      year          = "2006",
      reportNumber  = "CERN-LHCC-2006-001",
      url           = "https://cds.cern.ch/record/922757"
}

@techreport{CMS:2010kua,
      title         = "{Single-Particle Response in the CMS Calorimeters}",
      author	    = "{CMS Collaboration}",
      institution   = "CERN",
      collaboration = "CMS Collaboration",
      address       = "Geneva",
      number        = "CMS-PAS-JME-10-008",
      year          = "2010",
      reportNumber  = "CMS-PAS-JME-10-008",
      url           = "http://cds.cern.ch/record/1279141",
}

@article{zhang,
	author = {Zhang, L. and Bailleux, D. and Bornheim, A. and Zhu, R.-Y.},
	year = {2005},
	month = {09},
	pages = {1123 - 1130},
	title = "{Performance of the Monitoring Light Source for the CMS Lead Tungstate Crystal Calorimeter}",
	volume = {52},
	journal = {Nuclear Science, IEEE Transactions on},
	doi = {10.1109/TNS.2005.852661}
}

@article{anfreville,
    author = "Anfreville, M. and others",
    title = "{Laser monitoring system for the CMS lead tungstate crystal calorimeter}",
    reportNumber = "CERN-CMS-NOTE-2007-028",
    doi = "10.1016/j.nima.2008.01.104",
    journal = "Nucl. Instrum. Meth. A",
    volume = "594",
    pages = "292--320",
    year = "2008"
}

@article{wigmans08,
    author = "Wigmans, R.",
    title = "{Calorimetry}",
    journal = "Scientifica Acta 2",
    volume = "No. 1, 18 -- 55",
    year = "2008",
    url = {http://lappweb.in2p3.fr/~chefdevi/Detector_reports/Calorimetry/Wigmans.pdf}
}

@article{vlad20,
    author = "VlƒÉdƒÉreanu, V. and others",
    title = "{Detection of Anomalous Behavior in Modern Smartphones Using Software Sensor-Based Data}",
    journal = "MDPI",
    month = "03",
    year = "2020",
    url = {https://www.mdpi.com/1424-8220/20/10/2768}
}

@techreport{pileup,
    author = "The ATLAS and CMS Collaboration",
    title = "{Expected pile-up values at the HL-LHC}",
    reportNumber = "ALT-UPGRADE-PUB-2013-014",
    institution = "{CERN}",
    year = "2013",
    month = "09",
    url = {https://cds.cern.ch/record/1604492?ln=en}
}

@book{cms_comp,
      author        = "{Bayatyan, G L and Della Negra, Michel and Fo√†, and Herv√©, A and Petrilli, Achille}",
      title         = "{CMS computing: Technical Design Report}",
      publisher     = "CERN",
      collaboration = "CMS Collaboration",
      address       = "Geneva",
      series        = "Technical Design Report CMS",
      year          = "2005",
      reportNumber  = "CERN-LHCC-2005-023",
      url           = "http://cds.cern.ch/record/838359",
      note          = "Submitted on 31 May 2005"
}

@book{nielsen15,
      title	    = "{Neural Networks and Deep Learning}",
      author	    = "Nielsen, M. A.",
      publisher	    = "{Determination Press}",
      year	    = "2015",
      url = {http://neuralnetworksanddeeplearning.com/}

}

@book{fcholet17,
	author = {Chollet, F.},
	title = {Deep Learning with Python},
	year = {2017},
	isbn = {1617294438},
	publisher = {Manning Publications Co.},
	address = {USA},
	edition = {1st},
	url = {https://www.manning.com/books/deep-learning-with-python}
}

@book{menshawy18,
	author = {Menshawy, A.},
	title = {Deep Learning By Example},
	year = {2018},
	publisher = {Packt Publishing Limited},
	url = {https://www.oreilly.com/library/view/deep-learning-by/9781788399906/}
}

@book{jahr15,
	author = {Jahr, K. and Schlich, R. and Dragos, K. and Smarsly, K.},
	title = "{Decentralized autonomous fault detection in wireless structural health monitoring systems using structural response data}",
	year = "2015",
	month = {07},
	url = {https://www.researchgate.net/publication/289479445_Decentralized_autonomous_fault_detection_in_wireless_structural_health_monitoring_systems_using_structural_response_data}
}

@misc{baydin18,
      title={Automatic differentiation in machine learning: a survey},
      author={Baydin, A. G. and Pearlmutter, B. A. and Radul, A. A. and Siskind, J. M.},
      year={2018},
      eprint={1502.05767},
      archivePrefix={arXiv},
      primaryClass={cs.SC},
      url={https://arxiv.org/abs/1502.05767}
}

@article{higgs64,
title = "Broken symmetries, massless particles and gauge fields",
journal = "Physics Letters",
volume = "12",
number = "2",
pages = "132 - 133",
year = "1964",
issn = "0031-9163",
doi = "https://doi.org/10.1016/0031-9163(64)91136-9",
url = "http://www.sciencedirect.com/science/article/pii/0031916364911369",
author = "Higgs, P. W."
}

@article{brout64,
  title = {Broken Symmetry and the Mass of Gauge Vector Mesons},
  author = {Englert, F. and Brout, R.},
  journal = {Phys. Rev. Lett.},
  volume = {13},
  issue = {9},
  pages = {321--323},
  numpages = {0},
  year = {1964},
  month = {Aug},
  publisher = {American Physical Society},
  doi = {10.1103/PhysRevLett.13.321},
  url = {https://link.aps.org/doi/10.1103/PhysRevLett.13.321}
}

@book{lhc1,
      author        = "Br√ºning, O. S. and Collier, P. and Lebrun, P. and Myers, S. and Ostojic, R. and Poole, J. and Proudlock, P.",
      title         = "{LHC Design Report}",
      publisher     = "CERN",
      address       = "Geneva",
      series        = "CERN Yellow Reports: Monographs",
      year          = "2004",
      url           = "http://cds.cern.ch/record/782076",
      doi           = "10.5170/CERN-2004-003-V-1",
}

@book{lhc2,
      author        = "Br√ºning, O. S. and Collier, P. and Lebrun, P. and Myers, S. and Ostojic, R. and Poole, J. and Proudlock, P.",
      title         = "{LHC Design Report}",
      publisher     = "CERN",
      address       = "Geneva",
      series        = "CERN Yellow Reports: Monographs",
      year          = "2004",
      url           = "http://cds.cern.ch/record/815187",
      doi           = "10.5170/CERN-2004-003-V-2",
}

@book{lhc3,
      author        = "Benedikt, M. and Collier, P. and Mertens, V. and Poole, J. and Schindl, K.",
      title         = "{LHC Design Report}",
      publisher     = "CERN",
      address       = "Geneva",
      series        = "CERN Yellow Reports: Monographs",
      year          = "2004",
      url           = "http://cds.cern.ch/record/823808",
      doi           = "10.5170/CERN-2004-003-V-3",
}

@article{amann02,
	title = "A brief history of the LEP collider",
	journal = "Nuclear Physics B - Proceedings Supplements",
	volume = "109",
	number = "2",
	pages = "17 - 31",
	year = "2002",
	note = "Proceedings of the 7th Topical Seminar",
	issn = "0920-5632",
	doi = "https://doi.org/10.1016/S0920-5632(02)90005-8",
	url = "http://www.sciencedirect.com/science/article/pii/S0920563202900058",
	author = "A{\ss}mann, R. and Lamont, M. and Myers, S."
}

@article{speer06,
	author = {Speer, T. and Fr√ºhwirth, R. and Strandlie, A. and Todorov, T. and Winkler, M.},
	year = {2006},
	month = {04},
	pages = {143-147},
	title = {Track reconstruction in the CMS tracker},
	volume = {559},
	journal = {Nuclear Instruments and Methods in Physics Research Section A: Accelerators, Spectrometers, Detectors and Associated Equipment},
	doi = {10.1016/j.nima.2005.11.207}
}

@article{andre17,
	author = {Andre, J.-M. and others},
	year = {2017},
	title = {{The CMS Data Acquisition - Architectures for Phase-2 Upgrade}},
	volume = {559},
	journal = {J. Phys.: Conf. Ser. 898 032019},
	url = {https://iopscience.iop.org/article/10.1088/1742-6596/898/3/032019}
}

@misc{sonneveld18,
      title={{Commissioning and first results from the CMS phase 1 upgrade pixel detector}},
      author={Sonneveld, J.},
      year={2018},
      eprint={1807.08987},
      archivePrefix={arXiv},
      primaryClass={physics.ins-det},
      url = {https://arxiv.org/pdf/1807.08987}
}

@book{Goodfellow16,
    title={Deep Learning},
    author={Goodfellow, I. and Bengio, Y. and Courville, A.},
    publisher={MIT Press},
    note={\url{http://www.deeplearningbook.org}},
    year={2016}
}

@inproceedings{Steen2017,
  title={{The CMS HGCAL detector for the HL-LHC upgrade}},
  author={Steen, A.},
  year={2017},
  url = {http://cds.cern.ch/record/2293145}
}
